<?xml version="1.0" encoding="UTF-8"?><collection xmlns="http://www.loc.gov/MARC21/slim"><record><leader>00570nam--2200133-i-4500</leader><controlfield tag="001">000011580</controlfield><controlfield tag="002">20161230</controlfield><controlfield tag="005">20170222170737</controlfield><controlfield tag="008">060222s1000------------r-----000-0-eng-d</controlfield><datafield ind1=" " ind2=" " tag="245"><subfield code="a">Problemele eficientei organizarii stiintifice a muncii. Articole selectate si adaptate pentru editare din lucrarile consfaturii organizate de ministerul muncii si Academie, decembrie 1972, la Bucuresti. coordonatorii ..</subfield></datafield><datafield ind1=" " ind2=" " tag="260"><subfield code="a">Bucuresti</subfield><subfield code="b">Centrul De Documentare Si Publicatii Al Ministerului Muncii</subfield><subfield code="c">1974</subfield></datafield><datafield ind1=" " ind2=" " tag="300"><subfield code="a">345 p</subfield></datafield><datafield ind1=" " ind2=" " tag="700"><subfield code="a">Frunjina, Petre</subfield></datafield><datafield ind1=" " ind2=" " tag="CAT"><subfield code="a">SYS</subfield><subfield code="c">20170222</subfield><subfield code="h">170737</subfield></datafield></record></collection>